@article{fu2020d4rl,
	title={{D4RL}: Datasets for Deep Data-Driven Reinforcement Learning},
	author={Justin Fu and Aviral Kumar and Ofir Nachum and George Tucker and Sergey Levine},
	month={Apr},
	year={2020},
	journal={arXiv preprint arXiv:2004.07219}
}